@book{schitter2018,
author = {Schitter, G.},
title = {Skriptum zur Messtechnik LU},
publisher = {Institut für Automatisierungs- und Regelungstechnik, TU Wien},
year = {2018},
}

@book{schruefer2012,
author = {Schrüfer, E. and Reindl, L. and Zagar, B.},
title = {Elektrische Messtecchnik},
publisher = {Caarl Hanser Verlag},
year = {2012},
}
